1873 2810
803 226 878 273 ”³253
929 229 944 273 (
970 233 988 269 8

298 293 586 345 Pontificum
608 292 889 343 testimoniis
915 232 1210 348 conlirmati‚
1233 300 1410 342 temere
1433 293 1650 350 statuant.

299 382 366 432 Hi
384 377 727 430 monasterium
744 376 1010 428 hodienum
1030 382 1077 428 in
1094 389 1261 429 monte
1278 377 1518 445 poffident
1546 380 1654 431 saxo

301 464 396 514 fere
413 472 577 513 totum
594 460 888 529 insculptum.
959 461 1081 512 Vide
1102 460 1173 512 Ol.
1192 460 1467 532 Dapperum
1484 459 1560 513 loc.
1580 462 1661 514 cit,

302 553 382 616 qui
399 551 531 598 varia
550 544 608 594 de
627 543 725 595 hoc
747 555 935 604 monte,
961 547 1148 612 ejusque
1166 545 1410 613 specubus,
1447 551 1663 612 quorum‘

301 647 480 700 magno
503 645 705 679 numero
732 629 894 687 scatet,
918 646 974 678 ex
999 633 1141 680 variis
1170 627 1462 680 Authoribus
1485 639 1654 679 notatu

302 716 441 784 digna
458 712 620 772 refert,
647 728 753 780 quae
777 722 961 771 autem,
986 721 1157 778 utpote
1175 728 1348 778 parum
1372 712 1433 762 ad
1459 712 1656 778 scopum

302 798 519 849 nostrum
540 794 774 854 facientia,
788 794 949 845 lubens
969 794 1164 844 transeo,

442 877 534 930 Sed
561 877 914 943 praetereundus
940 876 1080 927 nobis
1107 892 1209 926 non
1234 875 1298 926 est
1326 875 1460 926 locus
1487 879 1536 925 in
1560 873 1661 924 hoc

304 964 495 1021 Monte,
515 963 597 1025 qui
613 957 815 1024 Campus
832 953 1086 1006 Melonum
1104 958 1345 1016 salutatur,
1361 959 1424 1024 (i)
1450 975 1478 1008 a
1504 954 1660 1008 Melo-

304 1041 439 1096 nibus
447 1039 724 1114 petrefhdiis,
742 1044 822 1106 qui
839 1039 1030 1107 copiose
1047 1039 1239 1099 ibidem,
1257 1043 1502 1108 (quamvis
1513 1039 1663 1092 hodie

305 1129 491 1182 testibus
508 1128 652 1178 literis
672 1122 732 1174 ab
748 1124 929 1174 Amico
945 1122 1162 1190 quodam
1180 1141 1236 1174 ex
1254 1123 1367 1175 urbe
1376 1124 1499 1174 Aera
1509 1124 1570 1174 ad
1587 1123 1660 1173 Te

307 1215 440 1272 datis,
458 1209 709 1273 rarissime)
734 1206 1109 1274 reperiebantur,
1135 1224 1256 1274 quos
1282 1208 1514 1259 miraculo
1540 1207 1661 1256 Pro-

305 1298 464 1366 phetae
483 1294 595 1346 Eliae
613 1291 862 1342 Melonem
881 1295 1093 1357 rogantis
1112 1290 1174 1342 ab
1184 1289 1446 1341 hortulano
1456 1291 1664 1354 ejusdem

306 1385 418 1441 loci,
437 1384 518 1447 qui
535 1394 638 1429 non
657 1376 893 1436 Melones,
911 1374 984 1425 sed
1002 1375 1182 1442 lapides
1192 1373 1291 1434 esse,
1311 1392 1431 1442 quos
1442 1374 1663 1434 habebat,

308 1456 567 1532 Prophetae
585 1460 752 1511 frivole
761 1459 1078 1526 responderat,
1097 1464 1143 1510 in
1152 1464 1380 1528 genuinos
1389 1459 1563 1526 lapides
1572 1459 1666 1511 ho-

311 1552 505 1602 dienum
531 1545 691 1597 adhuc
708 1544 972 1611 superstites
999 1554 1237 1603 mutatOS,
1261 1543 1467 1596 tradunt.
1536 1545 1664 1597 Ean-

310 1635 421 1684 dem
438 1629 740 1680 Cantilenam
755 1633 876 1678 inter
893 1630 1008 1678 alios
1027 1639 1206 1677 canunt
1225 1623 1563 1688 Thevmotms,
1582 1634 1663 1699 (k)

309 1722 386 1785 qui
403 1716 443 1766 le
472 1711 702 1777 ejusmodi
731 1711 980 1762 Melonem
1006 1708 1320 1777 petrefastum
1347 1726 1375 1758 a
1408 1707 1669 1760 Monachis

310 1803 405 1864 ejus
423 1799 516 1849 loci
533 1797 667 1848 dono
694 1795 914 1861 accepisse
942 1810 1132 1860 quoque
1155 1795 1399 1862 gloriatur3
1435 1798 1550 1843 item
1567 1809 1667 1844 von

313 1879 486 1941 Troilo,
506 1881 575 1947 (1)
601 1881 729 1944 cujus
759 1879 981 1946 ipfiffima
1005 1877 1151 1929 verba
1175 1875 1297 1927 mihi
1320 1875 1402 1928 hic
1421 1893 1664 1945 apponere

364 2031 404 2078 (i)
429 2027 718 2070 TesteDoubdam,
727 2027 809 2078 apud
819 2027 936 2064 Olaum
944 2028 1131 2076 Dapperum
1143 2026 1163 2061 l.
1176 2039 1202 2062 c.
1218 2039 1249 2077 p.
1259 2032 1312 2074 78.
1339 2057 1341 2060 .
1509 1959 1643 2059 hceast
1651 1999 1665 2012 ⁹

366 2099 413 2144 (k)
430 2097 611 2138 hinem-,L
620 2111 647 2133 2.
656 2111 686 2147 p.
697 2108 765 2144 303.
854 2096 901 2145 (1)
927 2095 948 2133 l.
957 2108 984 2131 c.
994 2108 1024 2146 p.
1035 2100 1085 2137 68.
1100 2092 1163 2144 seq.
