1873 2810
772 226 852 272 *ξὲἕῖ
872 246 875 250 ’
899 228 914 274 (
946 231 1003 273 xo)
1054 227 1151 273 352*

276 294 476 363 Lapides
497 293 729 346 naturales
748 293 811 343 sui
826 297 1003 361 generis
1020 291 1106 341 esse
1125 290 1228 341 dixi.
1273 322 1276 325 ι
1297 291 1390 349 Tu,
1399 291 1515 342 VIR
1547 292 1632 342 IL-

278 378 566 436 LUSTRIS‚
592 375 664 427 Te
691 382 987 428 contrariam
1015 375 1180 427 fovere
1203 376 1480 425 sententiam
1516 373 1635 424 mihi

253 517 255 519 ,
278 476 395 516 mox
414 458 710 530 respondisti,
738 479 910 531 rogans
929 472 982 512 ut
1005 459 1260 528 aliquando
1289 458 1472 526 publice
1499 475 1634 508 men-

276 561 375 600 tem
394 563 555 597 meam
572 546 705 612 super
723 546 849 597 hanc
878 549 1130 595 materiam
1157 542 1298 593 fusius
1325 543 1632 611 explicarem:

258 642 330 700 ⁴ut
345 633 534 688 veritas,
555 645 702 695 quam
720 628 872 679 ambo
888 633 1024 678 unice
1043 625 1389 693 quaerebamus,
1412 626 1634 686 eluceretg

278 716 411 784 quod
426 726 479 767 ut
498 731 557 764 eo
583 716 748 765 melius
768 714 988 781 praestare
1013 711 1220 780 poss'em,
1249 712 1432 776 aliquot
1456 709 1635 760 horum

275 800 533 852 Melonum
551 797 884 848 delineationes
903 799 1022 845 vivis
1054 793 1296 844 coloribus
1319 793 1348 843 a
1373 798 1529 859 perito
1559 809 1636 843 ar·-

275 884 402 934 tifice
426 880 645 932 accurate
662 879 726 929 ad
741 878 1016 944 archetypa,
1034 894 1139 944 quae
1161 876 1368 946 postides
1379 916 1391 935 ,
1409 875 1635 944 expressas

276 962 537 1018 exhibuisti.
608 961 712 1029 Ego
731 978 808 1010 me
824 958 934 1010 Tibi
950 960 1393 1026 obtemperaturum
1419 960 1635 1025 promisi
1621 1000 1640 1024 ,ἱ

274 1046 349 1101 sed
366 1042 497 1111 quod
514 1042 657 1093 doleo
674 1047 816 1093 variis
837 1047 1041 1119 negotiis
1053 1041 1322 1108 impedituS‚
1338 1041 1398 1091 ad
1417 1041 1545 1091 hunc
1557 1049 1655 1092 ils-³·

275 1145 366 1194 que
384 1125 511 1175 diem
527 1124 604 1175 Vel
623 1129 791 1176 invitus
806 1125 1043 1192 promissis
1061 1125 1179 1174 stare
1207 1125 1384 1183 distuli,
1403 1126 1533 1190 quod
1550 1141 1634 1175 au·-

273 1225 371 1264 tem
388 1209 573 1260 ulterius
593 1204 777 1260 differre
792 1209 1037 1275 piaculum
1063 1210 1215 1266 duco,
1240 1225 1383 1274 quare
1411 1209 1519 1258 sine
1514 1209 1634 1273 plu-

275 1292 397 1343 ribus
429 1308 507 1342 me
542 1289 803 1342 verborum
840 1290 1119 1359 ambagibus
1156 1289 1218 1341 ad
1243 1306 1347 1342 rem
1372 1290 1523 1356 ipsam
1554 1306 1636 1341 ac-

274 1381 426 1444 cingo.
1392 1415 1394 1417 *
1616 1417 1622 1420 .

392 1456 564 1506 Claros
595 1460 715 1507 inter
744 1461 793 1506 in
819 1454 967 1507 Sacro
986 1455 1169 1507 Codice
1187 1456 1386 1508 Montes
1407 1472 1509 1506 non
1529 1456 1634 1507 ulti—

273 1556 380 1591 mus
391 1539 455 1588 est
465 1539 659 1589 Carmel
669 1539 830 1590 dictus.
904 1539 1027 1591 Situs
1046 1551 1147 1591 erat
1167 1547 1216 1590 in
1233 1538 1386 1590 Tribu
1403 1540 1635 1590 Filiorum

272 1620 418 1680 Asser,
436 1636 537 1671 non
554 1622 723 1687 procul
747 1638 775 1670 a
791 1621 921 1671 Mari
941 1623 1018 1686 (a)
1040 1622 1410 1680 Mediterrane0‚
1430 1622 1636 1672 altitudi-

273 1721 358 1763 ne,
376 1702 464 1767 (b)
481 1702 721 1754 fertilitate
739 1701 791 1752 ὃ(
819 1708 1101 1753 amoenitate
1133 1704 1208 1768 (c)
1238 1703 1391 1767 (unde
1418 1703 1579 1770 saepius
1605 1720 1635 1755 a

271 1785 524 1854 Prophetis
540 1785 732 1841 Carmel
748 1800 841 1850 pro
859 1800 974 1852 agro
999 1783 1137 1836 fertili
1158 1784 1208 1836 ἃ
1228 1802 1427 1837 amoeno
1444 1786 1634 1854 usurpa-

271 1873 386 1938 tur‚)
405 1875 637 1938 imprimis
655 1869 938 1921 miraculoso
958 1868 1123 1937 Magni
1140 1870 1254 1924 Eliae
1274 1871 1529 1941 Prophetae
1547 1871 1634 1922 Sa-

1447 1954 1633 2011 crificio

321 2022 368 2069 (a)
393 2018 495 2064 Josuae
504 2020 580 2066 Cap.
591 2020 672 2062 XIX,
681 2026 734 2061 26.
766 2022 802 2055 It.
811 2022 925 2063 Jerem.
936 2021 974 2056 C.
983 2022 1144 2065 XLVLm.

319 2087 366 2135 (b)
394 2088 493 2123 Amos
503 2086 541 2121 C.
550 2086 603 2127 IX,
612 2098 639 2132 3.
738 2088 782 2135 (c)
803 2084 1130 2134 Esaiaec.xxxv,2.
