1873 2810
746 267 820 313 ”³25³ss
872 270 887 313 (
912 279 960 315 47
986 272 999 314 )
1047 267 1123 314 3632·-

256 336 374 382 tiem
411 333 438 395 <
448 329 656 396 separata
689 347 771 396 per
801 331 1012 397 spiritum
1042 331 1360 393 refinofitate)
1397 335 1608 397 acquire-

258 397 352 448 bat.
423 395 586 447 Tanto
616 395 738 446 facili
762 401 933 462 pariter
956 413 1012 446 ac
1037 396 1161 447 felici
1189 396 1383 446 successu
1407 414 1508 446 non
1542 398 1609 447 le-

256 468 302 514 vi
320 463 494 532 'gaudio
523 464 732 514 exultans
760 462 917 512 denuo
945 464 1242 530 mellaginem
1266 464 1393 513 illam
1417 462 1467 513 ὃ(
1485 464 1609 530 spiri-

256 540 338 588 tu,
373 528 424 579 ὃ(
459 545 582 595 aqua
607 529 782 581 solvere
810 533 1009 587 tentavi,
1045 529 1120 580 sed
1154 530 1263 579 nulli
1286 528 1463 579 horum
1493 529 1609 579 obe-

257 594 379 647 divit
414 596 652 659 amplius;
705 595 898 644 accensa
922 605 1109 654 tamen,
1142 609 1194 645 ut
1221 596 1370 654 olim,
1404 597 1612 646 odorem

255 662 445 727 sparsit,
482 660 556 710 sed
587 665 731 727 magis
766 659 1067 728 fuliginosum
1098 667 1348 727 minusque
1397 663 1609 729 gradum.

257 728 373 794 Qis
402 744 457 777 ex
487 726 578 777 hac
606 732 909 793 operatione,
928 736 1043 793 ‘quae
1066 739 1232 778 tamen
1257 728 1435 778 altioris
1454 728 1612 778 adhuc

257 795 484 862 indaginis
520 794 607 852 est,
643 793 743 843 usus
771 792 908 852 fluat,
943 810 1044 847 non
1075 795 1161 853 est,
1180 805 1232 844 ut
1258 794 1415 844 multis
1445 794 1612 844 descri-

257 860 398 920 bam,
419 859 532 910 Tuo
556 860 706 910 solum
721 859 918 922 judici0‚
941 860 1056 911 VIR
1090 862 1138 911 N
1142 860 1518 920 OBILISSIME‚
1537 878 1612 911 re·-

256 928 468 993 linquens
485 930 721 977 vernicem
740 943 795 975 ex
812 925 903 976 hac
922 926 1147 977 solutione
1156 927 1475 993 prodeuntem
1486 967 1499 987 ‚
1521 946 1613 995 pu-

256 999 395 1043 ritate
412 1009 547 1059 aquae
563 992 891 1059 limpidiffimae
909 993 974 1042 nil
990 998 1247 1060 quicquam
1273 995 1520 1044 cedentem
1533 1037 1543 1056 ‚
1561 993 1614 1044 ὃς

256 1058 415 1110 forsan
431 1060 589 1109 multis
608 1061 709 1109 aliis
726 1058 1050 1110 laudatissimis
1070 1059 1423 1126 praeferendam.
1495 1062 1614 1132 Qu,

257 1125 345 1177 bus
363 1142 515 1192 porro
528 1124 881 1191 operationibus
890 1124 1049 1176 faveat
1060 1131 1435 1192 experimentum
1444 1127 1616 1186 hocce,

258 1191 591 1258 inquirendum
609 1192 741 1241 altius
771 1191 846 1241 est.
915 1191 1018 1258 Ego
1035 1191 1259 1243 infufione
1275 1205 1518 1259 guttarum
1527 1194 1615 1243 ali-

259 1269 381 1324 quot
397 1263 445 1308 in
460 1273 636 1323 aquam
651 1257 906 1323 fimplicem
923 1273 1031 1307 eam
1047 1275 1103 1307 ex
1124 1260 1333 1309 coeruleo
1360 1259 1616 1309 lactescen-

259 1335 359 1375 tem
378 1325 610 1389 acquisivi,
629 1323 726 1373 visu
744 1324 948 1381 suavem,
967 1340 1054 1376 nec
1074 1323 1225 1374 odore
1242 1329 1490 1391 ingratam,
1506 1342 1617 1375 cos-

260 1395 488 1443 meticum
503 1389 660 1440 forsan
678 1388 863 1439 charius
872 1388 1082 1439 futuram
1090 1390 1205 1440 sexui
1213 1391 1496 1459 elegantiori,
1506 1397 1616 1458 quia

260 1474 445 1512 novum
463 1455 572 1507 illud
592 1456 670 1515 est,
688 1471 775 1506 nec
795 1460 950 1506 minus
973 1472 1144 1508 rarum.
1216 1458 1321 1507 Nec
1340 1458 1615 1524 desperoin-

259 1536 331 1575 ter
354 1536 552 1575 caeteros
574 1523 678 1576 usus
696 1522 854 1573 bonos
876 1521 1067 1572 &hunc
1088 1524 1336 1590 exspectari
1357 1525 1385 1575 a
1410 1525 1616 1576 Pseudo-

259 1592 451 1643 succino
470 1590 633 1640 nostro
652 1588 796 1656 posse,
812 1600 865 1638 ut
881 1588 1099 1656 parandis
1115 1595 1245 1641 vitris
1269 1592 1469 1652 ustoriis‚
1489 1590 1540 1642 ὃς
1561 1597 1614 1643 iis

259 1657 453 1725 quidem
470 1657 535 1706 ob
554 1657 788 1706 summam
815 1657 1078 1707 claritatem
1096 1662 1290 1723 optimae
1307 1670 1459 1718 notae,
1478 1659 1619 1710 inser-

260 1730 376 1784 viat,
395 1724 571 1791 qualius
588 1727 765 1789 generis
784 1722 906 1772 aliud
924 1722 1144 1788 aliudque
1160 1725 1429 1790 parandum
1438 1744 1617 1792 prope-

262 1791 392 1842 diem
413 1797 460 1841 in
478 1807 556 1840 me
576 1790 827 1855 suscipiam.
866 1788 1109 1839 Caeterum
1128 1804 1287 1842 utrum
1304 1793 1458 1858 plures
1470 1798 1617 1844 etiam

261 1863 311 1909 in
328 1857 440 1908 foro
467 1857 658 1907 medico
685 1855 920 1922 poffideat
939 1855 1090 1914 dotes,
1108 1861 1173 1906 uti
1191 1856 1256 1907 ob
1290 1858 1493 1909 odorem
1516 1860 1615 1910 salis

262 1924 471 1978 volatilis
490 1940 592 1973 non
611 1921 868 1980 dubitatur,
888 1932 941 1971 ut
958 1939 1014 1972 ex
1040 1922 1211 1974 eodem
1238 1925 1397 1976 oleum
1421 1926 1617 1992 aliquod

262 1992 371 2041 oleo
395 1990 610 2039 succineo
626 1989 790 2039 nostro
811 1990 1035 2039 aemulum
1063 1988 1272 2041 destillari
1299 1993 1461 2058 possit,
1490 2004 1616 2044 tem-

259 2074 379 2125 pore
395 2056 588 2109 inclusus
604 2059 795 2124 experiri
810 2073 912 2109 non
926 2061 1075 2124 potui,
1084 2073 1171 2109 nec
1192 2063 1337 2112 etiam
1355 2069 1488 2112 tanta
1516 2060 1615 2111 suc-

1518 2133 1614 2180 cini
