1873 2810
233 344 456 398 Ochram
476 343 694 396 omnibus
713 274 869 395 13&ss
891 273 1186 398 ffissfirfflem,
1218 355 1321 405 quae
1339 338 1503 405 sponte
1522 336 1584 388 ab

233 434 335 498 ipsis
353 437 483 498 aqui-s
504 430 677 481 secedit.
749 430 909 496 Quare
929 426 1060 493 quod
1077 426 1235 475 multis
1253 429 1432 493 egregiis
1444 439 1584 490 expe-

229 519 443 565 rimentis
460 524 710 570 tentatum,
729 508 781 561 ἃ
796 508 856 558 ab
878 507 1179 559 Excellentiff.
1204 506 1463 558 Archiatro
1489 508 1583 559 Dn.

230 595 289 647 D.
305 595 355 646 L.
374 594 693 646 Blumentrost
703 596 1024 643 examinatum
1033 591 1113 649 est,
1129 595 1267 641 unica
1277 591 1481 657 sequenti
1489 589 1586 641 fere

231 678 468 744 perficitur
494 675 756 727 encheirefi.
833 673 986 739 Aquae
1016 677 1238 722 nimirum
1263 674 1501 735 sumantur
1526 674 1584 722 li-

189 759 191 761 ’
231 760 327 811 brae
345 775 457 820 100,
484 760 643 810 inditae
660 761 755 810 vasi
781 770 934 808 terreo
951 757 1043 807 leni
1068 761 1172 823 igne
1189 755 1450 808 ebulliendo
1473 772 1586 806 eva-

229 857 404 911 potent
420 862 504 912 per
515 844 738 903 triduum,
749 842 1013 895 remanebit
1024 842 1332 893 sedimentum
1340 841 1586 894 turbidum

230 927 456 980 librarum
487 945 553 980 10.
585 929 659 980 vel
686 943 750 979 12.
821 925 993 977 Ochrai
1019 925 1098 976 sub
1128 924 1268 977 rubra
1298 931 1584 995 impraegna-

229 1022 358 1071 tum,
388 1011 487 1062 hoc
517 1014 549 1063 si
580 1012 870 1078 percoletur‚
897 1010 1045 1060 rursus
1072 1010 1317 1075 separatim
1344 1009 1584 1060 obtinebis

229 1109 405 1160 aquam
440 1095 841 1161 limpidissimam,
867 1095 1043 1162 saporis
1081 1092 1349 1142 admodum
1383 1093 1583 1144 adstrin-

229 1183 377 1244 gentis
401 1178 660 1236 Vitriolici,
685 1187 956 1227 remanente
986 1175 1138 1226 ochra
1165 1177 1251 1225 sale
1277 1175 1358 1225 suo
1384 1173 1583 1241 privata.

231 1259 415 1329 Qodfi
433 1260 531 1321 jam
549 1275 632 1323 per
642 1268 798 1324 partes
809 1255 915 1307 haec
924 1262 1189 1308 examinare
1198 1256 1398 1316 libuerit,
1409 1274 1585 1323 aquam

229 1343 292 1395 ad
312 1344 570 1393 siccitatem
591 1346 695 1408 igne
711 1352 998 1407 eva-potam,
1017 1339 1280 1391 remanebit
1304 1340 1365 1390 sal
1388 1339 1587 1406 aliquod.

233 1433 476 1494 impurum
498 1424 611 1475 fusci
630 1425 821 1483 coloris,
839 1426 970 1491 quod
986 1423 1116 1475 nova
1134 1422 1276 1475 affusa
1291 1424 1427 1491 aquei,
1445 1435 1497 1475 ut
1505 1442 1585 1476 ar·-

231 1515 285 1560 tis
305 1509 369 1559 est
387 1507 628 1566 defaecari,
649 1506 700 1557 &
717 1518 844 1557 certa
862 1506 1112 1558 encheiresi
1138 1513 1188 1558 in
1217 1508 1454 1574 crystallos
1479 1508 1585 1559 sub-e

231 1593 402 1645 virides
423 1591 776 1658 elegantissimas
795 1586 1036 1640 efformari
1043 1590 1211 1656 potest.
1284 1589 1456 1640 Ochra
1465 1608 1586 1642 vero

229 1677 408 1728 fusione
423 1680 469 1724 in
491 1678 742 1742 genuinum
752 1679 1043 1725 convertitur
1051 1673 1242 1732 ferrum,
1252 1675 1380 1737 cujus
1391 1676 1585 1741 quidem

232 1777 310 1811 me
330 1758 550 1826 praesente
566 1773 623 1805 ex
640 1771 740 1806 100.
759 1754 1009 1820 Aquarum
1033 1754 1157 1806 libris
1186 1754 1438 1807 drachmas
1465 1757 1581 1815 duas

233 1841 547 1899 obtinuimus,
576 1839 634 1889 de
660 1837 754 1887 salis
783 1854 900 1889 vero
927 1838 1162 1904 praesentis
1191 1844 1454 1904 quantitate
1478 1854 1585 1892 non-

232 1925 363 1992 ae'que':
403 1924 524 1975 bene
563 1922 747 1973 constat
781 1927 930 1982 ratiO,
947 1927 1124 1989 quippe
1141 1940 1234 1989 pro
1258 1923 1580 1991 depurationis

233 2009 380 2077 gradu
413 2008 516 2073 plus
551 2006 626 2057 vel
652 2008 807 2056 minus
835 2005 1037 2056 obtineri
1063 2006 1197 2062 solet,
1222 2007 1496 2074 plerumque
1519 2010 1590 2060 ad‘

234 2091 457 2145 drahmas
479 2091 526 2144 6.
547 2089 785 2157 colligitur,
854 2089 1021 2142 Habes
1046 2090 1130 2139 Vir
1153 2088 1319 2143 Excell.
1354 2108 1457 2158 quae
1482 2095 1585 2145 duo-

334 2178 337 2184 '
369 2187 374 2193 ’
1016 2171 1062 2222 D
1098 2185 1125 2237 3
1480 2176 1581 2229 sunt
