1873 2810
225 345 429 409 subjeffis
467 344 731 395 Sarcoceles
754 280 974 411 ῗῦὲηξε)
993 281 1155 394 ειξῇὴὶε
1189 347 1319 409 aquis
1344 342 1583 395 dissolutas

228 429 313 480 effe
331 429 618 481 audivimus:
655 428 889 494 polypum
907 428 1064 477 cordis
1091 426 1342 477 diminuisse
1367 426 1584 481 observa-

225 517 381 562 vimus
398 514 478 577 ips1
498 516 546 560 in
563 516 636 576 pie
656 509 878 561 defuncto
900 509 980 560 Ex.
1000 509 1189 576 Weyde.
1261 511 1454 578 Quippe
1472 524 1585 564 cum

223 595 351 645 idem
386 605 523 644 antea
559 593 621 643 ad
653 595 892 659 syncopen
922 609 1067 659 usque
1094 595 1403 660 palpitatione
1428 598 1584 651 cordis

221 677 483 736 laborasset,
501 677 623 726 adeo
642 675 701 725 ab
719 677 798 725 usu
817 676 990 726 harum
1018 693 1248 742 aquarum
1274 678 1455 729 levatus
1479 678 1582 737 fuit,

223 775 275 814 ut
296 768 374 815 vix
389 763 502 812 ullas
522 761 582 811 ab
604 761 685 811 illo
713 771 933 826 tempore
959 761 1138 810 senserit
1167 770 1333 820 notam,
1361 765 1582 826 quamvis

224 848 353 915 quod
372 845 636 913 negandum
653 862 754 895 non
772 845 849 903 est,
869 862 970 895 non
998 845 1056 895 ab
1088 850 1222 896 omni
1248 847 1433 912 polypo
1457 856 1582 896 arte-

222 937 288 982 ria
321 931 607 998 pulmonalis
644 930 753 995 post
787 940 997 979 mortem
1031 940 1217 993 reperta
1249 925 1386 975 fuerit
1420 926 1580 978 libera.

226 1015 514 1069 Pulmonum
548 1011 776 1082 affechbns
802 1031 893 1063 non
928 1030 1045 1081 aeque
1069 1013 1218 1062 amica
1244 1010 1317 1078 effe
1344 1009 1582 1068 videntur,

224 1098 452 1167 imprimis
463 1094 718 1168 phthystcis‚
736 1098 809 1148 vel
826 1098 978 1147 ulcere
1007 1097 1298 1163 pulmonum
1323 1094 1583 1146 laboranti-

221 1184 324 1241 bus,
344 1182 575 1232 hecticam
593 1190 757 1229 tamen
777 1180 980 1231 multum
1000 1196 1055 1228 ex
1083 1179 1169 1227 illis
1195 1176 1485 1228 sublevatam
1512 1184 1581 1229 vi-

225 1263 387 1313 dimus
460 1259 617 1309 Plures
635 1257 764 1308 dedit
787 1257 1011 1323 dabitque
1030 1256 1381 1307 observationes
1400 1262 1485 1306 rite
1495 1275 1581 1325 ap-

225 1340 424 1405 plicatus
445 1338 617 1391 harum
633 1357 865 1406 aquarum
894 1340 1017 1399 usus,
1038 1356 1239 1406 quarum
1264 1351 1317 1389 ut
1340 1341 1431 1391 hos
1456 1358 1581 1408 prae-

227 1424 431 1475 cursores
464 1429 609 1474 mitto
619 1444 632 1486 ;
669 1430 735 1475 ita
768 1426 865 1476 illas
893 1425 1001 1476 Tibi
1025 1443 1126 1476 non
1156 1426 1396 1486 invidebo,
1425 1430 1581 1480 simul-

226 1525 282 1559 ac
312 1504 553 1558 sufficienti
585 1515 868 1576 experientia
894 1509 1199 1560 confirmatas
1229 1527 1426 1563 novero,
1495 1513 1583 1563 Su-

225 1590 398 1657 perest,
421 1600 474 1639 ut
494 1595 657 1656 paucis
686 1590 976 1642 methodum
1002 1591 1084 1642 illis
1111 1591 1274 1641 utendi
1302 1608 1582 1645 memorem.

228 1673 451 1739 Corpore
470 1671 588 1723 bene
605 1674 771 1738 pillulis
792 1675 1002 1740 spadanis
1021 1687 1293 1742 praeparato
1317 1681 1582 1743 propinan-

225 1770 300 1808 tur
335 1774 469 1823 aquae
492 1797 519 1817 „
551 1761 823 1826 incipiendo
859 1776 887 1809 a
915 1759 1062 1810 tribus
1099 1762 1173 1811 vel
1208 1773 1412 1828 quatuor
1444 1762 1584 1823 libris,

226 1842 552 1896 adscendendo
569 1843 631 1893 ad
646 1860 712 1894 10.
736 1844 810 1895 vel
830 1858 892 1894 12.
914 1849 1215 1895 continuatur
1240 1850 1289 1895 in
1306 1847 1487 1897 summa
1505 1864 1584 1898 ea-

227 1947 334 1981 rum
353 1927 453 1978 dosi
475 1945 558 1994 per
575 1929 758 1994 aliquot
778 1929 896 1990 dies,
914 1927 966 1980 ἃ
984 1929 1156 1979 eodem
1182 1931 1349 1997 gradu,
1378 1949 1474 1997 quo
1499 1930 1584 1982 ad-

225 2010 431 2063 scensum
465 2008 641 2069 fuerat,
678 2011 963 2062 diminuitur.
1027 2011 1208 2081 Qodsi
1228 2013 1417 2080 segniu5,
1438 2029 1584 2080 quam

224 2110 311 2164 par
329 2093 407 2154 est,
428 2103 680 2160 operentur
698 2110 849 2160 aquae,
861 2094 936 2149 vel
952 2094 1106 2157 major
1125 2111 1208 2161 per
1218 2095 1379 2147 alvum
1390 2111 1464 2146 eas
1475 2093 1586 2144 edu-

1041 2176 1079 2228 E
1447 2177 1580 2228 cendi
