1873 2810
743 283 819 330 τᾲς
869 282 884 330 (
910 289 948 330 38
971 289 990 327 >
1041 286 1117 334 gc}-

329 354 486 405 ne&at
495 352 717 404 adoratas
727 350 778 403 ἃ
785 351 973 404 Smirna
991 351 1042 404 ὃ(
1052 353 1258 405 Mantua
1274 352 1428 405 laurus
1447 385 1451 390 ·

328 431 469 498 digna
486 431 664 496 loquar.

262 507 573 578 Qapropter
606 507 638 556 s1
673 504 822 557 tribus
861 505 1012 557 multa
1045 504 1193 556 verba
1216 505 1472 573 compleffi
1495 505 1620 564 licet,

261 600 367 651 quae
391 578 711 633 effufissimam
733 581 976 640 laetitiam,
1012 597 1106 648 qua
1129 585 1180 631 in
1207 581 1335 632 hunc
1359 581 1488 632 diem
1512 599 1620 648 per-

260 657 394 710 fruor
413 656 464 708 3<
481 658 657 716 exult0‚
678 655 954 715 describant,
971 656 1077 705 satis
1106 655 1281 706 dietum
1295 667 1417 722 puto
1434 695 1448 715 ,
1484 655 1620 706 Ami-

261 751 373 787 cum
392 751 470 784 me
489 732 732 791 invenisse,
748 730 983 799 phoenicis
1001 731 1142 780 instar
1158 731 1446 784 rariffimum
1464 747 1624 789 avem,

261 811 477 878 adeoque
493 808 763 859 thesaurum
785 807 926 858 nullis
944 808 1045 857 aliis
1065 805 1207 855 bonis
1221 805 1621 873 comparandum,

262 885 315 938 ὃ(
348 904 404 935 ex
442 885 572 947 cujus
608 882 812 950 pretiosa
846 880 1126 948 poss'effione
1161 897 1263 931 non
1297 880 1487 948 possunt
1521 897 1622 931 non

263 966 431 1012 omnia
448 964 608 1011 omnis
626 957 922 1022 jucunditatis
940 972 1109 1025 genera
1128 960 1179 1005 in
1195 972 1274 1005 me
1300 972 1447 1022 quam
1468 955 1622 1023 largis-

261 1040 374 1089 sime
390 1034 664 1087 redundare.
735 1033 941 1083 Unieam
958 1042 1011 1082 ut
1029 1036 1151 1081 inter
1164 1031 1343 1082 'multas
1366 1031 1475 1082 alias
1495 1045 1622 1080 nune

260 1112 397 1164 laude
414 1111 692 1178 prosequar,
715 1107 791 1158 vel
818 1107 969 1158 solum
988 1123 1066 1156 me
1084 1111 1220 1157 omni
1236 1105 1412 1174 gaudio
1427 1103 1622 1172 perfun-

262 1188 329 1238 dit
345 1189 690 1237 commercium
709 1182 953 1233 literarum
962 1181 1148 1232 Tecum
1166 1185 1351 1239 initum,
1364 1179 1495 1246 quod
1505 1196 1622 1246 pro÷

260 1264 339 1316 cul
356 1260 505 1313 dubio
524 1275 693 1309 omnes
723 1262 843 1307 inter
861 1258 976 1307 alios
1000 1256 1243 1306 Amicitiae
1267 1254 1621 1305 honestissimos

255 1343 439 1407 pariter
462 1351 519 1387 ac
545 1332 908 1399 jucundissimos
942 1331 1118 1382 fruitus
1151 1333 1433 1398 praeeminet
1464 1327 1517 1380 ὃ(
1535 1344 1623 1379 ex-

259 1414 410 1465 cellit:

366 1496 600 1555 quantum
618 1483 744 1535 lenta
763 1481 1039 1532 solentinter
1056 1480 1259 1533 viburna
1276 1482 1487 1549 cupressi.

183 1628 186 1629 γ
261 1559 695 1637 Qemadmodum
713 1564 842 1610 enim
861 1558 970 1610 illud
985 1575 1099 1610 vera
1130 1557 1314 1609 Eruditi
1330 1564 1431 1611 vita
1456 1564 1623 1611 vocari

261 1652 466 1693 meretur
476 1657 489 1700 3
526 1639 586 1688 sie
603 1633 654 1687 ὃ(
671 1653 760 1704 ego
770 1647 876 1686 tum
886 1636 1081 1686 demum
1097 1640 1247 1686 vitam
1266 1652 1398 1704 agere
1421 1635 1539 1686 mihi
1549 1640 1624 1686 vi-

263 1712 628 1782 debar‚quando
653 1712 849 1778 praesens
873 1716 1043 1777 pariter
1062 1709 1247 1760 Tecum
1272 1710 1554 1762 admiranda
1572 1715 1622 1761 in

258 1793 459 1843 Naturae
485 1790 666 1856 Regnis
691 1786 941 1843 miracula,
977 1801 1082 1850 quae
1099 1785 1160 1835 ad
1185 1786 1409 1836 amussim
1434 1785 1623 1836 exhibet

260 1871 495 1923 Musaeum
503 1866 666 1916 Tuum
685 1862 1069 1920 curiosissimum,
1096 1860 1326 1912 mirari&
1346 1860 1478 1929 quod
1495 1861 1622 1911 ultro

262 1943 474 2014 sequitur,
492 1943 772 2008 stupendam
786 1938 950 1988 Nostri
968 1937 1187 1989 SUMMI
1219 1936 1501 1989 NUMINIS
1529 1935 1624 1985 Po-

263 2025 467 2073 tentiam
484 2036 540 2070 ae
562 2017 856 2084 Sapientiam
876 2014 1123 2074 admirari,
1147 2013 1307 2066 absens
1332 2030 1450 2067 vero
1475 2016 1622 2063 etiam

265 2099 322 2152 de
342 2104 395 2151 iis
406 2096 554 2150 verba
566 2093 752 2148 Tecum
770 2103 1070 2146 commutare
1085 2097 1232 2160 potui.
1544 2122 1548 2126 ν
1582 2163 1610 2214 s

1445 2165 1581 2218 Novi
1597 2195 1621 2204 -
