1873 2810
759 264 835 309 {¹2³3
885 265 898 306 (
924 274 963 309 32
984 267 998 309 )
1049 266 1124 312 ξφ-

268 330 575 387 duevania,
597 333 665 389 εἴ
680 333 740 395 4(
753 327 841 380 vel
840 346 888 394 5.
898 327 1090 400 gnstzlis
1119 327 1345 380 Vitriolici
1368 324 1624 380 Martialis

267 414 498 485 duplicati.
570 416 747 484 Qales
766 432 884 469 vero
903 415 1070 467 exinde
1089 420 1139 465 in
1156 430 1329 480 corpus
1356 412 1625 465 humanum

265 497 528 567 redundent
545 500 783 557 utilitates,
803 497 856 549 ὃ(
880 497 1048 565 quibus
1075 500 1307 565 imprimis
1332 498 1624 564 opitulentur

266 582 448 634 morbis
465 599 600 649 aquae
618 580 709 642 hae,
729 599 841 636 cum
863 582 1056 649 quilibet
1072 584 1155 633 suo
1179 580 1387 633 abundet
1415 582 1566 641 sensu,
1592 597 1622 633 a

264 671 413 734 priori
432 666 666 717 deducere
682 671 755 717 cui
781 665 932 724 lubet,
960 671 1195 733 integrum
1218 666 1339 715 esto:
1375 665 1514 717 nobis
1540 666 1623 716 sal-

264 762 382 810 tem,
399 751 510 817 quid
528 750 584 800 de
601 751 790 801 illarum
808 749 1041 817 operandi
1062 748 1218 798 modo
1238 753 1447 799 innotuit
1473 748 1501 798 a
1526 766 1620 815 po-

263 836 459 894 steriori,
477 839 640 902 paucis
667 832 947 884 memorasse
970 829 1178 882 sufficiet.
1215 828 1407 880 Alvum
1416 833 1623 897 strvant

264 914 490 969 lubricam
504 959 517 978 ‚
544 920 594 968 in
619 919 845 968 nonnullis
868 913 1132 981 adstridi‘am
1142 917 1322 984 ftmper
1348 926 1505 964 tamen
1529 916 1623 966 tin-

253 1002 400 1075 gendo
410 1003 543 1069 faces
569 1003 864 1074 nigerrimas:
901 1014 985 1069 per
1008 1003 1201 1051 urinam
1224 1010 1472 1069 operantur
1494 999 1620 1050 mub-

262 1100 367 1137 tum
392 1089 460 1145 Εἴ
482 1081 692 1150 citgffime'.
763 1082 819 1136 V
809 1083 1005 1134 omitum
1036 1099 1146 1132 raro
1171 1082 1400 1138 excitant,
1428 1084 1512 1132 nisi
1536 1082 1622 1133 ubi

261 1172 337 1223 vel
354 1188 467 1223 cum
484 1171 571 1221 sale
589 1167 893 1237 polychr-esto
909 1167 1168 1226 sumuntur,
1186 1166 1262 1219 vel
1287 1164 1370 1215 ubi
1395 1170 1442 1215 in
1468 1165 1622 1217 nimia

263 1257 526 1321 quantitate
543 1251 721 1302 haustae
738 1251 852 1302 sunt.
898 1250 1169 1319 Appetttum
1185 1248 1361 1298 mirum
1370 1250 1421 1298 in
1428 1249 1620 1298 modum

262 1337 493 1402 excitant:
526 1333 592 1393 &‚
611 1333 743 1401 quod
760 1338 971 1384 maxime
991 1331 1254 1390 miraberiS,
1272 1327 1373 1381 licet
1390 1328 1460 1381 ad
1470 1329 1620 1400 pluri-

260 1438 365 1471 mas
381 1416 598 1470 bibantur
617 1415 773 1477 libras,
791 1434 1039 1490 nunquam
1062 1429 1236 1476 tamen,
1259 1413 1346 1467 vel
1363 1417 1510 1474 mord,
1536 1415 1627 1469 vel

261 1501 375 1555 mole
375 1500 473 1569 sud
496 1499 670 1569 molesta
678 1505 806 1567 sunt.
879 1500 1059 1553 Primis
1073 1501 1291 1572 praecipue
1313 1500 1413 1551 viis
1433 1499 1619 1553 medici-

260 1605 374 1638 nam
383 1586 582 1649 faciunt.
654 1586 876 1638 Prostant
901 1585 1119 1652 exempla
1147 1600 1316 1634 eorum
1344 1588 1425 1650 qui
1450 1585 1622 1636 nausea

260 1669 314 1722 &
338 1674 532 1720 vomitu
557 1669 619 1719 ad
639 1669 867 1720 leviffima
892 1668 1068 1736 ingesta
1089 1684 1173 1735 per
1200 1666 1433 1732 plurimos
1462 1682 1621 1718 annos

258 1754 559 1808 laborarunt,
595 1754 772 1819 pariter
792 1768 985 1810 eorum,
1011 1754 1093 1817 qui
1120 1746 1361 1799 diarrhoea
1386 1753 1618 1800 invetera-

259 1835 310 1888 ta
342 1835 394 1887 ὃ(
425 1833 638 1887 lienteria
662 1833 815 1889 affeffi
838 1835 1050 1893 fuerant,
1082 1849 1251 1883 omnes
1276 1843 1440 1884 tamen
1465 1838 1511 1884 in
1536 1835 1613 1884 usu

257 1936 491 1987 aquarum
508 1918 646 1981 hujus
673 1917 822 1968 fontis
846 1921 1136 1984 reperierunt
1163 1914 1400 1967 medelam
1426 1914 1478 1966 ὃ(
1502 1916 1621 1970 salu-

259 2015 370 2055 tem.
441 1997 772 2067 Obstrud‘t'tbnes
788 2003 937 2051 omnis
945 2000 1126 2072 generis
1143 1995 1229 2049 vel
1238 2002 1419 2057 tostum,
1435 1998 1525 2050 vel
1530 2001 1617 2051 mi-

259 2099 434 2141 nuum:
470 2086 585 2140 hine
602 2085 734 2154 quod
751 2089 914 2139 mirari
932 2085 1035 2139 satis
1052 2102 1155 2138 non
1170 2084 1342 2155 potest,
1359 2089 1411 2138 in
1429 2083 1616 2136 duobus

1464 2168 1613 2234 subje-
